@article{duncan1972unmeasured,
  title={Unmeasured variables in linear models for panel analysis},
  author={Duncan, Otis Dudley},
  journal={Sociological methodology},
  volume={4},
  pages={36--82},
  year={1972},
  publisher={JSTOR}
}


@article{imai2021use,
  title={On the use of two-way fixed effects regression models for causal inference with panel data},
  author={Imai, Kosuke and Kim, In Song},
  journal={Political Analysis},
  volume={29},
  number={3},
  pages={405--415},
  year={2021},
  publisher={Cambridge University Press}
}

@article{wooldridge2005fixed,
  title={Fixed-effects and related estimators for correlated random-coefficient and treatment-effect panel data models},
  author={Wooldridge, Jeffrey M},
  journal={Review of economics and statistics},
  volume={87},
  number={2},
  pages={385--390},
  year={2005},
  publisher={MIT Press}
}

@book{tillmann2018social,
  title={Social dynamics in {S}wiss society: {E}mpirical studies based on the {Swiss Household Panel}},
  author={Tillmann, Robin and Voorpostel, Marieke and Farago, Peter},
  year={2018},
  publisher={Springer Nature}
}


@article{wang_weiss_1998,
  title={Probation, layoffs, and wage-tenure profiles: A sorting explanation},
  author={Wang, Ruqu and Weiss, Andrew},
  journal={Labour Economics},
  volume={5},
  number={3},
  pages={359--383},
  year={1998},
  publisher={Elsevier}
}

@Book{eurofound_2020,
  title     = {Labour market change: {T}rends and policy approaches towards flexibilisation.  {C}hallenges and prospects in the {EU} series.},
  publisher = {Publications Office of the European Union, Luxembourg},
  year      = {2020},
  author    = {Eurofound}
}

@Book{doeringer_piore_1971,
  author    = {Doeringer, Peter B and Piore, Michael J},
  title     = {Internal labor markets and manpower analysis},
  publisher = {D.C. Heath and Company},
  year      = {1971},
}

@article{reich_gordon_edwards_1973,
  title={A theory of labor market segmentation},
  author={Reich, Michael and Gordon, David M and Edwards, Richard C},
  journal={The American Economic Review},
  volume={63},
  number={2},
  pages={359--365},
  year={1973},
  publisher={JSTOR}
}

@book{emmenegger_etal_2012,
  title={The age of dualization: {T}he changing face of inequality in deindustrializing societies},
  author={Emmenegger, Patrick and H{\"a}usermann, Silja and Palier, Bruno and Seeleib-Kaiser, Martin},
  year={2012},
  publisher={OUP USA}
}

@book{eichhorst_marx_2015,
  title={Non-standard employment in post-industrial labour markets: {A}n occupational perspective},
  author={Eichhorst, Werner and Marx, Paul},
  year={2015},
  publisher={Edward Elgar Publishing}
}

@article{lazear_1990,
  title={Job security provisions and employment},
  author={Lazear, Edward P},
  journal={The Quarterly Journal of Economics},
  volume={105},
  number={3},
  pages={699--726},
  year={1990},
  publisher={MIT Press}
}

@article{kalleberg_2001,
  title={Organizing flexibility: {T}he flexible firm in a new century},
  author={Kalleberg, Arne L},
  journal={British journal of industrial relations},
  volume={39},
  number={4},
  pages={479--504},
  year={2001},
  publisher={Wiley Online Library}
}

@article{watson_wooden_2012,
  title={The HILDA survey: a case study in the design and development of a successful household panel survey},
  author={Watson, Nicole and Wooden, Mark Peter},
  journal={Longitudinal and life course studies},
  volume={3},
  number={3},
  pages={369--381},
  year={2012}
}


@article{janietz_etal_2023,
    author = {Janietz, Christoph and Bol, Thijs and Lancee, Bram},
    title = "{Temporary employment and wage inequality over the life course}",
    journal = {European Sociological Review},
    pages = {1-19},
    volume={XX},
    year = {2023},
    month = {11}
}

@article{wang_raymo_2021,
  title={Nonstandard employment, gender, and subjective well-being in Japan},
  author={Wang, Jia and Raymo, James M},
  journal={Journal of Marriage and Family},
  volume={83},
  number={3},
  pages={845--864},
  year={2021},
  publisher={Wiley Online Library}
}

@article{latner2022temporary,
  title={Temporary employment in {E}urope: {S}tagnating rates and rising risks},
  author={Latner, Jonathan P},
  journal={European Societies},
  volume={24},
  number={4},
  pages={383--408},
  year={2022},
  publisher={Taylor \& Francis}
}


@incollection{castles1993worlds,
  title={Worlds of welfare and families of nations},
  author={Castles, Francis G and Mitchell, Deborah},
  booktitle={Families of nations: Patterns of public policy in western democracies},
  pages={94--112},
  year={1993},
  publisher={Dartmouth Aldershot}
}


@article{korpi_palme_1998,
  title={The paradox of redistribution and strategies of equality: {W}elfare state institutions, inequality, and poverty in the Western countries},
  author={Korpi, Walter and Palme, Joakim},
  journal={American sociological review},
  pages={661--687},
  year={1998},
  publisher={JSTOR}
}


@incollection{arts_gelissen_2010,
    author = {Arts, Wil A. and Gelissen, John},
    isbn = {9780199579396},
    title = "{Models of the Welfare State}",
    booktitle = "{The Oxford Handbook of the Welfare State}",
    publisher = {Oxford University Press},
    year = {2010},
    month = {07},
    chapter={39},
	  pages={569-585},
  editor={Castles, Francis G and Leibfried, Stephan and Lewis, Jane and Obinger, Herbert and Pierson, Christopher}
}


@book{castles2012oxford,
  title={The Oxford handbook of the welfare state},
  author={Castles, Francis G and Leibfried, Stephan and Lewis, Jane and Obinger, Herbert and Pierson, Christopher},
  year={2012},
  publisher={OUP Oxford}
}



@article{eberlein_etal_2023,
  title={Starting flexible, always flexible? The relation of early temporary employment and young workers employment trajectories in the Netherlands},
  author={Eberlein, Laura and Pavlopoulos, Dimitris and Garnier-Villarreal, Mauricio},
  journal={Research in Social Stratification and Mobility},
  pages={100861},
  year={2023},
  publisher={Elsevier}
}

@article{hevenstone_2011,
  title={Flexicurity, Happiness, and Satisfaction},
  author={Hevenstone, Debra},
  journal={International journal of sociology},
  volume={41},
  number={3},
  pages={7--45},
  year={2011},
  publisher={Taylor \& Francis}
}


@article{hevenstone_2010,
  title={National context and atypical employment},
  author={Hevenstone, Debra},
  journal={International Sociology},
  volume={25},
  number={3},
  pages={315--347},
  year={2010},
  publisher={Sage Publications Sage UK: London, England}
}


@article{muffels_wilthagen_2013,
  title={Flexicurity: A new paradigm for the analysis of labor markets and policies challenging the trade-off between flexibility and security},
  author={Muffels, Ruud and Wilthagen, Ton},
  journal={Sociology Compass},
  volume={7},
  number={2},
  pages={111--122},
  year={2013},
  publisher={Wiley Online Library}
}


@article{korpi1985power,
  title={Power resources approach vs. action and conflict: {O}n causal and intentional explanations in the study of power},
  author={Korpi, Walter},
  journal={Sociological theory},
  volume={3},
  number={2},
  pages={31--45},
  year={1985},
  publisher={JSTOR}
}


@article{fauser_gebel_2023,
    author = {Fauser, Sophia and Gebel, Michael},
    title = "{Labor market dualism and the heterogeneous wage gap for temporary employment: {A} multilevel study across 30 countries}",
    journal = {Socio-Economic Review},
    volume = {21},
    number = {4},
    pages = {2069--2091},
    year = {2023},
    month = {01}
}




@book{ilo_2016,
  title={Non-standard employment around the world: {U}nderstanding challenges, shaping prospects},
  author={{ILO}},
  year={2016},
  publisher={International Labour Office Geneva}
}

@article{diprete_etal_2006,
  title={Work and pay in flexible and regulated labor markets: {A} generalized perspective on institutional evolution and inequality trends in Europe and the US},
  author={DiPrete, Thomas A and Goux, Dominique and Maurin, Eric and Quesnel-Vallee, Amelie},
  journal={Research in Social Stratification and Mobility},
  volume={24},
  number={3},
  pages={311--332},
  year={2006},
  publisher={Elsevier}
}

@article{rueda_2006,
  title={Social democracy and active labour-market policies: Insiders, outsiders and the politics of employment promotion},
  author={Rueda, David},
  journal={British Journal of Political Science},
  volume={36},
  number={3},
  pages={385--406},
  year={2006},
  publisher={Cambridge University Press}
}


@article{kopycka2023escaping,
  title={Escaping uncertainty through downward mobility? {O}ccupational mobility upon transition to permanent employment in {G}ermany and in {P}oland},
  author={Kopycka, Katarzyna},
  journal={Research in Social Stratification and Mobility},
  volume={83},
  pages={100768},
  year={2023},
  publisher={Elsevier}
}

@article{ludwig_is_2018,
	title = {Is there a male marital wage premium? {New} evidence from the {United} {States}},
	volume = {83},
	number = {4},
	journal = {American Sociological Review},
	author = {Ludwig, Volker and Br√ºderl, Josef},
	year = {2018},
	pages = {744--770},
}

@book{wooldridge_econometric_2010,
	title = {Econometric analysis of cross section and panel data},
	publisher = {MIT press},
	author = {Wooldridge, Jeffrey M},
	year = {2010},
}

@article{allison_asymmetric_2019,
	title = {Asymmetric fixed-effects models for panel data},
	volume = {5},
	journal = {Socius},
	author = {Allison, Paul D},
	year = {2019},
	pages = {2378023119826441},
}

@article{halaby_panel_2004,
	title = {Panel models in sociological research: {Theory} into practice},
	volume = {30},
	journal = {Annual Review of Sociology},
	author = {Halaby, Charles N},
	year = {2004},
	pages = {507--544},
}

@article{streib_life_2016,
	title = {Life, {Death}, and {Resurrections}},
	journal = {The Oxford handbook of the social science of poverty},
	author = {Streib, Jessi and Verma, SaunJuhi and Welsh, Whitney and Burton, Linda M},
	year = {2016},
	pages = {247},
}

@article{lundberg_what_2021,
	title = {What is your estimand? {Defining} the target quantity connects statistical evidence to theory},
	volume = {86},
	number = {3},
	journal = {American Sociological Review},
	author = {Lundberg, Ian and Johnson, Rebecca and Stewart, Brandon M},
	year = {2021},
	pages = {532--565},
}

@article{ludwig_what_2021,
	title = {What you need to know when estimating impact functions with panel data for demographic research},
	volume = {46},
	journal = {Comparative Population Studies},
	author = {Ludwig, Volker and Br√ºderl, Josef},
	year = {2021},
}

@article{stevens_persistent_1997,
	title = {Persistent effects of job displacement: {The} importance of multiple job losses},
	volume = {15},
	number = {1, Part 1},
	journal = {Journal of Labor Economics},
	author = {Stevens, Ann Huff},
	year = {1997},
	pages = {165--188},
}

@article{bayaz-ozturk_consolidating_2014,
	title = {Consolidating the {Evidence} on {Income} {Mobility} in the {Western} {States} of {Germany} and the {United} {States} from 1984 to 2006},
	volume = {52},
	number = {1},
	journal = {Economic Inquiry},
	author = {Bayaz-Ozturk, Gulgun and Burkhauser, Richard V and Couch, Kenneth A},
	year = {2014},
	pages = {431--443},
}

@incollection{burkhauser_intragenerational_2011,
	title = {Intragenerational {Inequality} and {Intertemporal} {Mobility}},
	booktitle = {The {Oxford} {Handbook} of {Economic} {Inequality}},
	publisher = {Oxford University Press},
	author = {Burkhauser, Richard V and Nolan, Brian and Couch, Kenneth A},
	editor = {Salverda, Wiemer and Nolan, Brian and Smeeding, Timothy M},
	year = {2011},
}

@book{jenkins_changing_2011,
	title = {Changing fortunes: {Income} mobility and poverty dynamics in {Britain}},
	publisher = {Oxford University Press},
	author = {Jenkins, Stephen P},
	year = {2011},
}

@book{eurofound_labour_2020,
	title = {Labour market change: {Trends} and policy approaches towards flexibilisation. {Challenges} and prospects in the {EU} series.},
	publisher = {Publications Office of the European Union, Luxembourg},
	author = {{Eurofound}},
	year = {2020},
}

@incollection{marsden_institutions_1990,
	title = {Institutions and labour mobility: {Occupational} and internal labour markets in {Britain}, {France}, {Italy} and {West} {Germany}},
	booktitle = {Labour relations and economic performance},
	publisher = {Springer},
	author = {Marsden, David},
	year = {1990},
	pages = {414--438},
}

@article{sicherman_theory_1990,
	title = {A theory of career mobility},
	volume = {98},
	number = {1},
	journal = {Journal of political economy},
	author = {Sicherman, Nachum and Galor, Oded},
	year = {1990},
	pages = {169--192},
}

@book{muffels_flexibility_2014,
	title = {Flexibility and employment security in {Europe}},
	publisher = {Edward Elgar Publishing},
	author = {Muffels, Ruud JA},
	year = {2014},
}

@book{esping-andersen_why_2000,
	title = {Why deregulate labour markets?},
	publisher = {Oxford University Press, Oxford},
	editor = {Esping-Andersen, G√∏sta and Regini, Marino},
	year = {2000},
}

@book{taylor-gooby_new_2004,
	title = {New risks, new welfare},
	volume = {10},
	publisher = {Oxford: Oxford University Press},
	author = {Taylor-Gooby, Peter},
	year = {2004},
}

@article{crettaz_state---art_2013,
	title = {A state-of-the-art review of working poverty in advanced economies: {T}heoretical models, measurement issues and risk groups},
	volume = {23},
	number = {4},
	journal = {Journal of European Social Policy},
	author = {Crettaz, Eric},
	year = {2013},
	pages = {347--362},
}

@article{jahn_feature_2012,
	title = {Feature: flexible forms of employment: boon and bane},
	volume = {122},
	number = {562},
	journal = {The Economic Journal},
	author = {Jahn, Elke J and Riphahn, Regina T and Schnabel, Claus},
	year = {2012},
	pages = {F115--F124},
}

@book{andersson_moving_2005,
	title = {Moving {Up} {Or} {Moving} {On}: {Who} {Gets} {Ahead} in the {Low}-{Wage} {Labor} {Market}?},
	publisher = {Russell Sage Foundation},
	author = {Andersson, Fredrik and Holzer, Harry J and Lane, Julia I},
	year = {2005},
}

@article{rebitzer_model_1991,
	title = {A model of dual labor markets when product demand is uncertain},
	volume = {106},
	number = {4},
	journal = {The Quarterly Journal of Economics},
	author = {Rebitzer, James B and Taylor, Lowell J},
	year = {1991},
	pages = {1373--1383},
}

@article{lindbeck_insider-outsider_1989,
	title = {The insider-outsider theory of employment and unemployment},
	volume = {1},
	journal = {MIT Press Books},
	author = {Lindbeck, Assar and Snower, Dennis J},
	year = {1989},
}

@book{esping-andersen_three_1990,
	title = {The three worlds of welfare capitalism},
	publisher = {Princeton University Press},
	author = {Esping-Andersen, G√∏sta},
	year = {1990},
}

@book{hall_introduction_2001,
	title = {An introduction to varieties of capitalism},
	publisher = {Oxford University Press},
	author = {Hall, Peter A and Soskice, David},
	year = {2001},
}

@book{moss_stories_2001,
	title = {Stories employers tell: {Race}, skill, and hiring in {America}},
	publisher = {Russell Sage Foundation},
	author = {Moss, Philip and Tilly, Chris},
	year = {2001},
}

@book{shavit_school_1998,
	title = {From {School} to {Work}. {A} {Comparative} {Study} of {Educational} {Qualifications} and {Occupational} {Destinations}.},
	publisher = {ERIC},
	author = {Shavit, Yossi and M√ºller, Walter},
	year = {1998},
}

@article{sorensen_processes_1983,
	title = {Processes of allocation to open and closed positions in social structure},
	volume = {12},
	number = {3},
	journal = {Zeitschrift f√ºr Soziologie},
	author = {S√∏rensen, Aage B},
	year = {1983},
	pages = {203--224},
}

@book{pedulla_making_2020,
	title = {Making the cut: {Hiring} decisions, bias, and the consequences of nonstandard, mismatched, and precarious employment},
	publisher = {Princeton University Press},
	author = {Pedulla, David},
	year = {2020},
}

@article{barbieri_substitution_2019,
	title = {Substitution, entrapment, and inefficiency? {Cohort} inequalities in a two-tier labour market},
	volume = {17},
	number = {2},
	journal = {Socio-Economic Review},
	author = {Barbieri, Paolo and Cutuli, Giorgio and Luijkx, Ruud and Mari, Gabriele and Scherer, Stefani},
	year = {2019},
	pages = {409--431},
}

@article{barbieri_employment_2016,
	title = {Employment protection legislation, labour market dualism, and inequality in {Europe}},
	volume = {32},
	number = {4},
	journal = {European Sociological Review},
	author = {Barbieri, Paolo and Cutuli, Giorgio},
	year = {2016},
	pages = {501--516},
}

@article{barbieri_dual_2018,
	title = {Dual labour market intermediaries in {Italy}: {How} to lay off ‚Äúlemons‚Äù‚Äî{Thereby} creating a problem of adverse selection},
	volume = {166},
	number = {4},
	journal = {De Economist},
	author = {Barbieri, Paolo and Cutuli, Giorgio},
	year = {2018},
	pages = {477--502},
}

@book{carre_where_2017,
	title = {Where bad jobs are better: {Retail} jobs across countries and companies},
	publisher = {Russell Sage Foundation},
	author = {Carr√©, Fran√ßoise and Tilly, Chris},
	year = {2017},
}

@article{inanc_unemployment_2018,
	title = {Unemployment, temporary work, and subjective well-being: {The} gendered effect of spousal labor market insecurity},
	volume = {83},
	number = {3},
	journal = {American Sociological Review},
	author = {Inanc, Hande},
	year = {2018},
	pages = {536--566},
}

@article{baron_does_2019,
	title = {Does fixed-term employment delay important partnership events? {Comparing} transitions into cohabitation, marriage, parenthood and home ownership among young adults in {Germany}},
	volume = {31},
	number = {1},
	journal = {Journal of Family Research},
	author = {Baron, Daniel and Rapp, Ingmar},
	year = {2019},
	pages = {40--57},
}

@article{marx_labour_2014,
	title = {Labour market risks and political preferences: {The} case of temporary employment},
	volume = {53},
	number = {1},
	journal = {European Journal of Political Research},
	author = {Marx, Paul},
	year = {2014},
	pages = {136--159},
}

@article{hogberg_transitions_2019,
	title = {Transitions from temporary employment to permanent employment among young adults: {The} role of labour law and education systems},
	volume = {55},
	number = {4},
	journal = {Journal of Sociology},
	author = {H√∂gberg, Bj√∂rn and Strandh, Mattias and Baranowska-Rataj, Anna},
	year = {2019},
	pages = {1--19},
}

@article{gebel_early_2010,
	title = {Early career consequences of temporary employment in {Germany} and the {UK}},
	volume = {24},
	number = {4},
	journal = {Work, Employment and Society},
	author = {Gebel, Michael},
	year = {2010},
	pages = {641--660},
}

@article{reichelt_career_2015,
	title = {Career progression from temporary employment: {How} bridge and trap functions differ by task complexity},
	volume = {31},
	number = {5},
	journal = {European Sociological Review},
	author = {Reichelt, Malte},
	year = {2015},
	pages = {558--572},
}

@article{gebel_is_2013,
	title = {Is a {Temporary} {Job} {Better} {Than} {Unemployment}? {A} {Cross}-country {Comparison} {Based} on {British}, {German}, and {Swiss} {Panel} {Data}},
	volume = {133},
	journal = {Schmollers Jahrbuch},
	author = {Gebel, Michael},
	year = {2013},
	pages = {143--156},
}

@article{gebel_fixed-term_2009,
	title = {Fixed-term contracts at labour market entry in {West} {Germany}: {Implications} for job search and first job quality},
	volume = {25},
	number = {6},
	journal = {European Sociological Review},
	author = {Gebel, Michael},
	year = {2009},
	pages = {661--675},
}

@article{biegert_taking_2018,
	title = {Taking lemons for a trial run: {Does} type of job exit affect the risk of entering fixed-term employment in {Germany}?},
	volume = {34},
	number = {2},
	journal = {European Sociological Review},
	author = {Biegert, Thomas and K√ºhhirt, Michael},
	year = {2018},
	pages = {184--197},
}

@article{mcginnity_bad_2005,
	title = {A bad start? {Fixed}-term contracts and the transition from education to work in {West} {Germany}},
	volume = {21},
	number = {4},
	journal = {European Sociological Review},
	author = {McGinnity, Frances and Mertens, Antje and Gundert, Stefanie},
	year = {2005},
	pages = {359--374},
}

@article{kalleberg_nonstandard_2000,
	title = {Nonstandard employment relations: {Part}-time, temporary and contract work},
	volume = {26},
	number = {1},
	journal = {Annual Review of Sociology},
	author = {Kalleberg, Arne L},
	year = {2000},
	pages = {341--365},
}

@incollection{buchtemann_bridges_1989,
	title = {Bridges or {Traps}? {Non}-standard {Employment} in the {Federal} {Republic} of {Germany}?},
	booktitle = {Precarious jobs in labour market regulation: {The} growth of atypical employment in {Western} {Europe}.},
	publisher = {Institute for Labour Studies},
	author = {B√ºchtemann, Christoph F and Quack, Sigrid},
	editor = {Rodgers, Gerry and Rodgers, Jenine},
	year = {1989},
	pages = {109--148},
}

@article{rodgers_precarious_1989,
	title = {Precarious jobs in labour market regulation: {The} growth of atypical employment in {Western} {Europe}},
	journal = {Gen√®ve, ILO},
	author = {Rodgers, Gerry and Rodgers, Janine},
	year = {1989},
}

@article{alba-ramirez_how_1998,
	title = {How temporary is temporary employment in {Spain}?},
	volume = {19},
	number = {4},
	journal = {Journal of Labor Research},
	author = {Alba-Ramirez, Alfonso},
	year = {1998},
	pages = {695--710},
}

@article{helbling_fixed-term_2017,
	title = {Fixed-{Term} {Jobs} after {Vocational} {Education} and {Training} in {Switzerland}: {Stepping} {Stone} or {Impediment}?},
	volume = {43},
	number = {1},
	journal = {Swiss Journal of Sociology},
	author = {Helbling, Laura A},
	year = {2017},
	pages = {89--113},
}

@article{remery_labour_2002,
	title = {Labour market flexibility in the {Netherlands}: {Looking} for winners and losers},
	volume = {16},
	number = {3},
	journal = {Work, employment and society},
	author = {Remery, Chantal and van Doorne-Huiskes, Anneke and Schippers, Joop},
	year = {2002},
	pages = {477--495},
}

@article{scherer_stepping-stones_2004,
	title = {Stepping-stones or traps? {The} consequences of labour market entry positions on future careers in {West} {Germany}, {Great} {Britain} and {Italy}},
	volume = {18},
	number = {2},
	journal = {Work, Employment and Society},
	author = {Scherer, Stefani},
	year = {2004},
	pages = {369--394},
}

@article{hipp_institutions_2015,
	title = {Institutions and the prevalence of nonstandard employment},
	volume = {13},
	number = {2},
	journal = {Socio-Economic Review},
	author = {Hipp, Lena and Bernhardt, Janine and Allmendinger, Jutta},
	year = {2015},
	pages = {351--377},
}

@article{muffels_labour_2008,
	title = {Labour market mobility and employment security of male employees in {Europe}: {Trade}-off or `flexicurity'?},
	volume = {22},
	number = {2},
	journal = {Work, employment and Society},
	author = {Muffels, Ruud and Luijkx, Ruud},
	year = {2008},
	pages = {221--242},
}

@article{de_cuyper_literature_2008,
	title = {Literature review of theory and research on the psychological impact of temporary employment: {Towards} a conceptual model},
	volume = {10},
	number = {1},
	journal = {International Journal of Management Reviews},
	author = {De Cuyper, Nele and De Jong, Jeroen and De Witte, Hans and Isaksson, Kerstin and Rigotti, Thomas and Schalk, Ren√©},
	year = {2008},
	pages = {25--51},
}

@article{gagliarducci_dynamics_2005,
	title = {The dynamics of repeated temporary jobs},
	volume = {12},
	number = {4},
	journal = {Labour Economics},
	author = {Gagliarducci, Stefano},
	year = {2005},
	pages = {429--448},
}

@article{leschke_segmentation_2009,
	title = {The segmentation potential of non-standard employment: {A} four-country comparison of mobility patterns},
	volume = {30},
	number = {7},
	journal = {International Journal of Manpower},
	author = {Leschke, Janine},
	year = {2009},
	pages = {692--715},
}

@article{fuller_career_2015,
	title = {Career pathways for temporary workers: {Exploring} heterogeneous mobility dynamics with sequence analysis},
	volume = {50},
	journal = {Social Science Research},
	author = {Fuller, Sylvia and Stecy-Hildebrandt, Natasha},
	year = {2015},
	pages = {76--99},
}

@article{casey_just_2004,
	title = {`{Just} a {Temp}?' {Women}, {Temporary} {Employment} and {Lifestyle}},
	volume = {18},
	number = {3},
	journal = {Work, employment and society},
	author = {Casey, Catherine and Alach, Petricia},
	year = {2004},
	pages = {459--480},
}

@article{mooi-reci_fixed-term_2015,
	title = {Fixed-{Term} {Contracts}: {Short}-{Term} {Blessings} or {Long}-{Term} {Scars}? {Empirical} {Findings} from the {Netherlands} 1980‚Äì2000},
	volume = {53},
	number = {1},
	journal = {British Journal of Industrial Relations},
	author = {Mooi-Reci, Irma and Dekker, Ronald},
	year = {2015},
	pages = {112--135},
}

@article{jahn_looking_2014,
	title = {Looking beyond the bridge: {The} effect of temporary agency employment on labor market outcomes},
	volume = {65},
	journal = {European Economic Review},
	author = {Jahn, Elke J and Rosholm, Michael},
	year = {2014},
	pages = {108--125},
}

@book{doeringer_internal_1971,
	title = {Internal labor markets and manpower analysis},
	publisher = {D.C. Heath and Company},
	author = {Doeringer, Peter B and Piore, Michael J},
	year = {1971},
}

@article{de_graaf-zijl_stepping_2011,
	title = {Stepping stones for the unemployed: {The} effect of temporary jobs on the duration until (regular) work},
	volume = {24},
	number = {1},
	journal = {Journal of Population Economics},
	author = {de Graaf-Zijl, Marloes and Van den Berg, Gerard J and Heyma, Arjan},
	year = {2011},
	pages = {107--139},
}

@book{vosko_temporary_2000,
	title = {Temporary work: {The} gendered rise of a precarious employment relationship},
	volume = {11},
	publisher = {University of Toronto Press},
	author = {Vosko, Leah F},
	year = {2000},
}

@article{korpi_precarious_2001,
	title = {Precarious footing: {Temporary} employment as a stepping stone out of unemployment in {Sweden}},
	volume = {15},
	number = {1},
	journal = {Work, Employment and Society},
	author = {Korpi, Tomas and Levin, Henrik},
	year = {2001},
	pages = {127--148},
}

@incollection{ultee_problem_2015,
	edition = {2},
	title = {Problem {Selection} in the {Social} {Sciences}: {Methodology}},
	booktitle = {International {Encyclopedia} of the {Social} \& {Behavioral} {Sciences}},
	publisher = {Pergamon},
	author = {Ultee, W. C.},
	editor = {Wright, James D.},
	year = {2015},
	pages = {49--55},
}

@article{addison_atypical_2015,
	title = {Atypical {Jobs}: {Stepping} {Stones} or {Dead} {Ends}? {Evidence} from the {NLSY} 79},
	volume = {83},
	number = {1},
	journal = {The Manchester School},
	author = {Addison, John T and Cotti, Chad D and Surfield, Christopher J},
	year = {2015},
	pages = {17--55},
}

@article{barbieri_flexible_2009,
	title = {Flexible employment and inequality in {Europe}},
	volume = {25},
	number = {6},
	journal = {European Sociological Review},
	author = {Barbieri, Paolo},
	year = {2009},
	pages = {621--628},
}

@article{mooi-reci_casual_2017,
	title = {Casual employment and long-term wage outcomes},
	volume = {70},
	number = {9},
	journal = {Human Relations},
	author = {Mooi-Reci, Irma and Wooden, Mark},
	year = {2017},
	pages = {1064--1090},
}

@article{de_lange_consequences_2014,
	title = {Consequences of flexible employment at labour market entry for early career development in the {Netherlands}},
	volume = {35},
	number = {3},
	journal = {Economic and Industrial Democracy},
	author = {de Lange, Marloes and Gesthuizen, Maurice and Wolbers, Maarten HJ},
	year = {2014},
	pages = {413--434},
}

@article{gash_bridge_2008,
	title = {Bridge or trap? {Temporary} workers' transitions to unemployment and to the standard employment contract},
	volume = {24},
	number = {5},
	journal = {European Sociological Review},
	author = {Gash, Vanessa},
	year = {2008},
	pages = {651--668},
}

@book{hatton_temp_2011,
	title = {The temp economy: {From} {Kelly} girls to permatemps in postwar {America}},
	publisher = {Temple University Press},
	author = {Hatton, Erin},
	year = {2011},
}

@book{oecd_oecd_1994,
	title = {The {OECD} {Jobs} {Study}: {Evidence} and explanations},
	publisher = {OECD publishing, Paris},
	author = {{OECD}},
	year = {1994},
}

@book{oecd_oecd_2006,
	title = {{OECD} employment outlook 2006: {Boosting} jobs and incomes},
	publisher = {OECD publishing, Paris},
	author = {{OECD}},
	year = {2006},
}

@book{oecd_oecd_1996,
	title = {The {OECD} jobs strategy},
	publisher = {OECD publishing, Paris},
	author = {{OECD}},
	year = {1996},
}

@article{kiersztyn_fixed-term_2016,
	title = {Fixed-{Term} {Employment} and {Occupational} {Position} in {Poland}: {The} {Heterogeneity} of {Temporary} {Jobs}},
	volume = {32},
	number = {6},
	journal = {European Sociological Review},
	author = {Kiersztyn, Anna},
	year = {2016},
	pages = {881--894},
}

@article{giesecke_temporary_2003,
	title = {Temporary employment: {Chance} or risk?},
	volume = {19},
	number = {2},
	journal = {European Sociological Review},
	author = {Giesecke, Johannes and Gro√ü, Martin},
	year = {2003},
	pages = {161--177},
}

@article{giesecke_external_2004,
	title = {External labour market flexibility and social inequality: {Temporary} employment in {Germany} and the {UK}},
	volume = {6},
	number = {3},
	journal = {European Societies},
	author = {Giesecke, Johannes and Gro√ü, Martin},
	year = {2004},
	pages = {347--382},
}

@article{amuedo-dorantes_work_2000,
	title = {Work transitions into and out of involuntary temporary employment in a segmented market: {Evidence} from {Spain}},
	volume = {53},
	number = {2},
	journal = {ILR Review},
	author = {Amuedo-Dorantes, Catalina},
	year = {2000},
	pages = {309--325},
}

@unpublished{mcginnity_fixed-term_2002,
	title = {Fixed-term contracts in {East} and {West} {Germany}: {Low} wages, poor prospects?},
	author = {McGinnity, Frances and Mertens, Antje},
	year = {2002},
}

@article{mertens_wages_2004,
	title = {Wages and wage growth of fixed-term workers in {East} and {West} {Germany}},
	volume = {50},
	number = {2},
	journal = {Konjunkturpolitik},
	author = {Mertens, Antje and McGinnity, Frances},
	year = {2004},
	pages = {139--163},
}

@article{gash_fixed-term_2007,
	title = {Fixed-term contracts‚Äîthe new {European} inequality? {Comparing} men and women in {West} {Germany} and {France}},
	volume = {5},
	number = {3},
	journal = {Socio-Economic Review},
	author = {Gash, Vanessa and McGinnity, Frances},
	year = {2007},
	pages = {467--496},
}

@article{barbieri_temporary_2008,
	title = {Temporary workers in {Italy}: {Who} are they and where they end up},
	volume = {22},
	number = {1},
	journal = {Labour},
	author = {Barbieri, Gianna and Sestito, Paolo},
	year = {2008},
	pages = {127--166},
}

@article{baranowska_role_2011,
	title = {The role of fixed-term contracts at labour market entry in {Poland}: {Stepping} stones, screening devices, traps or search subsidies?},
	volume = {25},
	number = {4},
	journal = {Work, employment and Society},
	author = {Baranowska, Anna and Gebel, Michael and Kotowska, Irena E},
	year = {2011},
	pages = {777--793},
}

@article{rogers_just_1995,
	title = {Just a temp: {Experience} and structure of alienation in temporary clerical employment},
	volume = {22},
	number = {2},
	journal = {Work and Occupations},
	author = {Rogers, Jackie K.},
	year = {1995},
	pages = {137--166},
}

@article{stiglitz_theory_1975,
	title = {The theory of ‚Äúscreening,‚Äù education, and the distribution of income},
	volume = {65},
	number = {3},
	journal = {The American Economic Review},
	author = {Stiglitz, Joseph E},
	year = {1975},
	pages = {283--300},
}

@article{becker_human_1985,
	title = {Human capital, effort, and the sexual division of labor},
	volume = {3},
	number = {1, Part 2},
	journal = {Journal of Labor Economics},
	author = {Becker, Gary S},
	year = {1985},
	pages = {S33--S58},
}

@book{promberger_topographie_2012,
	title = {Topographie der {Leiharbeit}: {Flexibilit√§t} und {Prekarit√§t} einer atypischen {Besch√§ftigungsform}},
	volume = {146},
	publisher = {edition sigma},
	author = {Promberger, Markus},
	year = {2012},
}

@book{oecd_it_2015,
	title = {In {It} {Together}: {Why} {Less} {Inequality} {Benefits} {All}},
	publisher = {OECD publishing, Paris},
	author = {{OECD}},
	year = {2015},
}

@article{spence_job_1973,
	title = {Job market signaling},
	volume = {87},
	number = {3},
	journal = {The Quarterly Journal of Economics},
	author = {Spence, Michael},
	year = {1973},
	pages = {355--374},
}

@article{de_cuyper_impact_2006,
	title = {The impact of job insecurity and contract type on attitudes, well-being and behavioural reports: {A} psychological contract perspective},
	volume = {79},
	number = {3},
	journal = {Journal of Occupational and Organizational Psychology},
	author = {De Cuyper, Nele and De Witte, Hans},
	year = {2006},
	pages = {395--409},
}

@book{oecd_oecd_2014,
	title = {{OECD} employment outlook 2014},
	publisher = {OECD publishing, Paris},
	author = {{OECD}},
	year = {2014},
}

@book{eurofund_recent_2015,
	title = {Recent developments in temporary employment: {Employment} growth, wages and transitions},
	publisher = {Publications Office of the European Union, Luxembourg},
	author = {{Eurofund}},
	year = {2015},
}

@unpublished{hagen_fixed-term_2003,
	title = {Do fixed-term contracts increase the long-term employment opportunities of the unemployed?},
	author = {Hagen, Tobias},
	year = {2003},
}

@article{pavlopoulos_measuring_2015,
	title = {Measuring temporary employment. {Do} survey or register data tell the truth?},
	volume = {41},
	number = {1},
	journal = {Survey Methodology},
	author = {Pavlopoulos, D and Vermunt, JK},
	year = {2015},
	pages = {197--214},
}

@article{hagen_temporary_2002,
	title = {Do temporary workers receive risk premiums? {Assessing} the wage effects of fixed‚Äìterm contracts in {West} {Germany} by a matching estimator compared with parametric approaches},
	volume = {16},
	number = {4},
	journal = {Labour},
	author = {Hagen, Tobias},
	year = {2002},
	pages = {667--705},
}

@incollection{debels_transitions_2008,
	title = {Transitions out of temporary jobs: consequences for employment and poverty across {Europe}},
	booktitle = {Flexibility and employment security in {Europe}.},
	publisher = {Edward Elgar; Cheltenham/Northampton},
	author = {Debels, Annelies},
	editor = {Muffels, Ruud},
	year = {2008},
	pages = {51--77},
}

@article{guell_how_2007,
	title = {How binding are legal limits? {Transitions} from temporary to permanent work in {Spain}},
	volume = {14},
	number = {2},
	journal = {Labour Economics},
	author = {G√ºell, Maia and Petrongolo, Barbara},
	year = {2007},
	pages = {153--183},
}

@article{barbieri_labour_2009,
	title = {Labour market flexibilization and its consequences in {Italy}},
	volume = {25},
	number = {6},
	journal = {European Sociological Review},
	author = {Barbieri, Paolo and Scherer, Stefani},
	year = {2009},
	pages = {677--692},
}

@article{passaretta_temporary_2019,
	title = {Temporary employment at labour market entry in {Europe}: {Labour} market dualism, transitions to secure employment and upward mobility},
	volume = {40},
	number = {2},
	journal = {Economic and Industrial Democracy},
	author = {Passaretta, Giampiero and Wolbers, Maarten HJ},
	year = {2019},
	pages = {382--408},
}

@article{picchio_temporary_2008,
	title = {Temporary contracts and transitions to stable jobs in {Italy}},
	volume = {22},
	journal = {Labour},
	author = {Picchio, Matteo},
	year = {2008},
	pages = {147--174},
}

@book{kalleberg_precarious_2018,
  title={Precarious lives: Job insecurity and well-being in rich democracies},
  author={Kalleberg, Arne L},
  year={2018},
  publisher={John Wiley \& Sons}
}


@article{fuller_up_2011,
	title = {Up and on or down and out? {Gender}, immigration and the consequences of temporary employment in {Canada}},
	volume = {29},
	number = {2},
	journal = {Research in Social Stratification and Mobility},
	author = {Fuller, Sylvia},
	year = {2011},
	pages = {155--180},
}

@article{noelke_employment_2015,
	title = {Employment protection legislation and the youth labour market},
	volume = {32},
	number = {4},
	journal = {European Sociological Review},
	author = {Noelke, Clemens},
	year = {2015},
	pages = {471--485},
}

@article{booth_temporary_2002,
	title = {Temporary jobs: {Stepping} stones or dead ends?},
	volume = {112},
	number = {480},
	journal = {The Economic Journal},
	author = {Booth, Alison L and Francesconi, Marco and Frank, Jeff},
	year = {2002},
	pages = {F189--F213},
}

@article{babos_step_2014,
	title = {Step or trap? {Transition} from fixed-term contracts in {Central} {Eastern} {Europe}},
	volume = {26},
	number = {1},
	journal = {Post-Communist Economies},
	author = {Babos, Pavol},
	year = {2014},
	pages = {39--52},
}

@article{amuedo-dorantes_wage_2007,
	title = {Wage growth implications of fixed-term employment: {An} analysis by contract duration and job mobility},
	volume = {14},
	number = {5},
	journal = {Labour Economics},
	author = {Amuedo-Dorantes, Catalina and Serrano-Padial, Ricardo},
	year = {2007},
	pages = {829--847},
}

@article{berson_fixed-term_2018,
	title = {Fixed-{Term} {Contracts} and {Labor} {Market} {Duality} in {France}},
	volume = {166},
	number = {4},
	journal = {De Economist},
	author = {Berson, Cl√©mence},
	year = {2018},
	pages = {455--476},
}

@article{bosco_road_2018,
	title = {The road to permanent work in {Italy}: ‚Äú{It}'s getting dark, too dark to see‚Äù},
	volume = {4},
	number = {3},
	journal = {Italian Economic Journal},
	author = {Bosco, Maria Giovanna and Valeriani, Elisa},
	year = {2018},
	pages = {385--419},
}

@article{brown_earnings_2003,
	title = {Earnings, education, and fixed-term contracts},
	volume = {50},
	number = {4},
	journal = {Scottish Journal of Political Economy},
	author = {Brown, Sarah and Sessions, John G},
	year = {2003},
	pages = {492--506},
}

@article{comi_are_2012,
	title = {Are temporary workers discriminated against? {Evidence} from {Europe}},
	volume = {80},
	number = {1},
	journal = {The Manchester School},
	author = {Comi, Simona and Grasseni, Mara},
	year = {2012},
	pages = {28--50},
}

@article{arranz_influence_2010,
	title = {The influence of temporary employment on unemployment exits in a competing risks framework},
	volume = {31},
	number = {1},
	journal = {Journal of Labor Research},
	author = {Arranz, Jos√© M and Garc√≠a-Serrano, Carlos and Toharia, Luis},
	year = {2010},
	pages = {67--90},
}

@article{pavlopoulos_starting_2013,
	title = {Starting your career with a fixed-term job: {Stepping}-stone or ‚Äúdead end‚Äù?},
	volume = {71},
	number = {4},
	journal = {Review of Social Economy},
	author = {Pavlopoulos, Dimitris},
	year = {2013},
	pages = {474--501},
}

@article{pfeifer_fixed-term_2012,
	title = {Fixed-term contracts and wages revisited using linked employer-employee data},
	volume = {45},
	number = {2},
	journal = {Journal for Labour Market Research},
	author = {Pfeifer, Christian},
	year = {2012},
	pages = {171--183},
}

@article{bills_demand_2017,
	title = {The demand side of hiring: {Employers} in the labor market},
	volume = {43},
	journal = {Annual Review of Sociology},
	author = {Bills, David B and Di Stasio, Valentina and G√´rxhani, Klarita},
	year = {2017},
	pages = {291--310},
}

@article{katz_rise_2019,
	title = {The rise and nature of alternative work arrangements in the {United} {States}, 1995‚Äì2015},
	volume = {72},
	number = {2},
	journal = {ILR Review},
	author = {Katz, Lawrence F and Krueger, Alan B},
	year = {2019},
	pages = {382--416},
}

@article{humburg_skills_2015,
	title = {Skills and the graduate recruitment process: {Evidence} from two discrete choice experiments},
	volume = {49},
	journal = {Economics of Education Review},
	author = {Humburg, Martin and Van der Velden, Rolf},
	year = {2015},
	pages = {24--41},
}

@article{di_stasio_why_2016,
	title = {Why does education matter to employers in different institutional contexts? {A} vignette study in {England} and the {Netherlands}},
	volume = {95},
	number = {1},
	journal = {Social Forces},
	author = {Di Stasio, Valentina and van de Werfhorst, Herman G},
	year = {2016},
	pages = {77--106},
}

@article{nunez_temps_2015,
	title = {Temps ‚Äúby choice‚Äù? {An} investigation of the reasons behind temporary employment among young workers in {Europe}},
	volume = {36},
	number = {1},
	journal = {Journal of labor research},
	author = {Nunez, Imanol and Livanos, Ilias},
	year = {2015},
	pages = {44--66},
}

@article{kalleberg_organizing_2001,
	title = {Organizing flexibility: {The} flexible firm in a new century},
	volume = {39},
	number = {4},
	journal = {British journal of industrial relations},
	author = {Kalleberg, Arne L},
	year = {2001},
	pages = {479--504},
}

@book{piore_second_1986,
	title = {The second industrial divide: possibilities for prosperity},
	publisher = {Basic books},
	author = {Piore, Michael J and Sabel, Charles F},
	year = {1986},
}

@techreport{giersch_eurosclerosis_1985,
	title = {Eurosclerosis},
	institution = {Kieler Diskussionsbeitr√§ge 112},
	author = {Giersch, Herbert},
	year = {1985},
}

@article{katz_industrial_1983,
	title = {Industrial relations performance, economic performance, and {QWL} programs: {An} interplant analysis},
	volume = {37},
	number = {1},
	journal = {ILR Review},
	author = {Katz, Harry C and Kochan, Thomas A and Gobeille, Kenneth R},
	year = {1983},
	pages = {3--17},
}

@article{katz_assessing_1985,
	title = {Assessing the effects of industrial relations systems and efforts to improve the quality of working life on organizational effectiveness},
	volume = {28},
	number = {3},
	journal = {Academy of Management Journal},
	author = {Katz, Harry C and Kochan, Thomas A and Weber, Mark R},
	year = {1985},
	pages = {509--526},
}

@book{schmid_dynamics_2002,
	title = {The dynamics of full employment: {Social} integration through transitional labour markets},
	publisher = {Edward Elgar Publishing},
	author = {Schmid, G\_nther and Gazier, Bernard},
	year = {2002},
}

@article{berton_are_2011,
	title = {Are temporary jobs a port of entry into permanent employment?},
	journal = {International journal of manpower},
	author = {Berton, Fabio and Devicienti, Francesco and Pacelli, Lia},
	year = {2011},
}

@article{diprete_school--work_2017,
	title = {School-to-work linkages in the {United} {States}, {Germany}, and {France}},
	volume = {122},
	number = {6},
	journal = {American Journal of Sociology},
	author = {DiPrete, Thomas A and Eller, Christina Ciocca and Bol, Thijs and Van de Werfhorst, Herman G},
	year = {2017},
	pages = {1869--1938},
}

@book{barley_gurus_2006,
	title = {Gurus, hired guns, and warm bodies: {Itinerant} experts in a knowledge economy},
	publisher = {Princeton University Press},
	author = {Barley, Stephen R and Kunda, Gideon},
	year = {2006},
}

@article{fuller_temporary_2008,
	title = {Temporary employment and social inequality in {Canada}: {Exploring} intersections of gender, race and immigration status},
	volume = {88},
	number = {1},
	journal = {Social indicators research},
	author = {Fuller, Sylvia and Vosko, Leah F},
	year = {2008},
	pages = {31--50},
}

@book{autor_studies_2009,
	title = {Studies of {Labor} {Market} {Intermediation}},
	publisher = {University of Chicago Press},
	author = {Autor, David H.},
	year = {2009},
}

@article{houseman_temporary_2014,
	title = {Temporary agency work},
	journal = {IZA World of Labor},
	author = {Houseman, Susan N},
	year = {2014},
}

@article{mattijssen_multichannel_2019,
	title = {A multichannel typology of temporary employment careers in the {Netherlands}: {Identifying} traps and stepping stones in terms of employment and income security},
	volume = {77},
	journal = {Social science research},
	author = {Mattijssen, Lucille and Pavlopoulos, Dimitris},
	year = {2019},
	pages = {101--114},
}

@article{reichenberg_stepping_2019,
	title = {‚Äú{Stepping} up or stepping down?‚Äù: {The} earnings differences associated with {Swedish} temporary workers‚Äô employment sequences},
	volume = {82},
	journal = {Social science research},
	author = {Reichenberg, Olof and Berglund, Tomas},
	year = {2019},
	pages = {126--136},
}

@article{mcvicar_contingent_2019,
	title = {Contingent employment and labour market pathways: {Bridge} or trap?},
	volume = {35},
	number = {1},
	journal = {European Sociological Review},
	author = {McVicar, Duncan and Wooden, Mark and La√ü, Inga and Fok, Yin-King},
	year = {2019},
	pages = {98--115},
}

@book{de_cuyper_employment_2017,
	title = {Employment contracts and well-being among {European} workers},
	publisher = {Routledge},
	author = {De Cuyper, Nele and Isaksson, Kerstin},
	year = {2017},
}

@article{rigotti_job_2015,
	title = {Job insecurity among temporary workers: {Looking} through the gender lens},
	volume = {36},
	number = {3},
	journal = {Economic and Industrial Democracy},
	author = {Rigotti, Thomas and Mohr, Gisela and Isaksson, Kerstin},
	year = {2015},
	pages = {523--547},
}

@techreport{pinelli_recent_2017,
	title = {The recent reform of the labour market in {Italy}: {A} review},
	institution = {Discussion paper 072. Directorate General Economic and Financial Affairs (DG ECFIN).},
	author = {Pinelli, Dino and Torre, Roberta and Pace, Lucianajulia and Cassio, Laura and Arpaia, Alfonso and {others}},
	year = {2017},
}

@unpublished{bernhardt_labor_2014,
	title = {Labor standards and the reorganization of work: {Gaps} in data and research},
	author = {Bernhardt, Annette},
	year = {2014},
}

@article{pyoria_precarious_2016,
	title = {Precarious work and intrinsic job quality: {Evidence} from {Finland}, 1984‚Äì2013},
	volume = {27},
	number = {3},
	journal = {The Economic and Labour Relations Review},
	author = {Py√∂ri√§, Pasi and Ojala, Satu},
	year = {2016},
	pages = {349--367},
}

@article{lewchuk_precarious_2017,
	title = {Precarious jobs: {Where} are they, and how do they affect well-being?},
	volume = {28},
	number = {3},
	journal = {The Economic and Labour Relations Review},
	author = {Lewchuk, Wayne},
	year = {2017},
	pages = {402--419},
}

@article{mertens_two-tier_2005,
	title = {A ‚Äútwo-tier‚Äù labour market for fixed-term jobs? {Evaluating} evidence from {West} {Germany} using quantile regression},
	volume = {125},
	number = {1},
	journal = {Schmollers Jahrbuch},
	author = {Mertens, Antje and McGinnity, Frances},
	year = {2005},
	pages = {75--85},
}

@article{mertens_cost_2007,
	title = {The cost of flexibility at the margin. {Comparing} the wage penalty for fixed-term contracts in {Germany} and {Spain} using quantile regression},
	volume = {21},
	number = {4-5},
	journal = {Labour},
	author = {Mertens, Antje and Gash, Vanessa and McGinnity, Frances},
	year = {2007},
	pages = {637--666},
}

@article{fauser_career_2020,
	title = {Career trajectories and Cumulative Wages: {T}he case of Temporary employment},
	journal = {Research in Social Stratification and Mobility},
	author = {Fauser, Sophia},
	year = {2020},
	pages = {100529},
}

@article{cnef,
  title={{The Cross-National Equivalent File (CNEF) and its member country household panel studies}},
  author={Frick, Joachim R and Jenkins, Stephen P and Lillard, Dean R and Lipps, Oliver and Wooden, Mark},
  journal={Journal of Contextual Economics--Schmollers Jahrbuch},
  volume={127},
  number={4},
  pages={627--654},
  year={2007}
}


@book{andres_applied_2013,
	title = {Applied panel data analysis for economic and social surveys},
	publisher = {Springer Science \& Business Media},
	author = {Andre√ü, Hans-J√ºrgen and Golsch, Katrin and Schmidt, Alexander W},
	year = {2013},
}

@article{rosen_theory_1986,
	title = {The theory of equalizing differences},
	volume = {1},
	journal = {Handbook of labor economics},
	author = {Rosen, Sherwin},
	year = {1986},
	pages = {641--692},
}

@article{de_graaf-zijl_compensation_2012,
	title = {Compensation of on-call and fixed-term employment: {T}he role of uncertainty},
	volume = {80},
	number = {1},
	journal = {The Manchester School},
	author = {de Graaf-Zijl, Marloes},
	year = {2012},
	pages = {6--27},
}

@article{turek_comparative_2021,
	title = {{The Comparative Panel File}: Harmonized Household Panel Surveys from Seven Countries},
	volume = {37},
	number = {3},
	journal = {European Sociological Review},
	author = {Turek, Konrad and Kalmijn, Matthijs and Leopold, Thomas},
	year = {2021},
	pages = {505--523},
}

@article{hallerod_-work_2015,
	title = {In-work poverty and labour market trajectories: {Poverty} risks among the working population in 22 {European} countries},
	volume = {25},
	number = {5},
	journal = {Journal of European Social Policy},
	author = {Haller√∂d, Bj√∂rn and Ekbrand, Hans and Bengtsson, Mattias},
	year = {2015},
	pages = {473--488},
}

@article{van_lancker_european_2012,
	title = {The {European} world of temporary employment: {Gendered} and poor?},
	volume = {14},
	number = {1},
	journal = {European Societies},
	author = {Van Lancker, Wim},
	year = {2012},
	pages = {83--111},
}

@article{gangl_causal_2010,
	title = {Causal inference in sociological research},
	volume = {36},
	journal = {Annual review of sociology},
	author = {Gangl, Markus},
	year = {2010},
	pages = {21--47},
}

@article{allison_using_1994,
	title = {Using panel data to estimate the effects of events},
	volume = {23},
	number = {2},
	journal = {Sociological Methods \& Research},
	author = {Allison, Paul D},
	year = {1994},
	pages = {174--199},
}

@article{jacobson_earnings_1993,
	title = {Earnings losses of displaced workers},
	journal = {The American economic review},
	author = {Jacobson, Louis S and LaLonde, Robert J and Sullivan, Daniel G},
	year = {1993},
	pages = {685--709},
}

@article{kalleberg_flexible_2003,
	title = {Flexible firms and labor market segmentation: {Effects} of workplace restructuring on jobs and workers},
	volume = {30},
	number = {2},
	journal = {Work and occupations},
	author = {Kalleberg, Arne L},
	year = {2003},
	pages = {154--175},
}

@incollection{sorensen_sociological_1981,
	title = {Sociological perspectives on labor markets},
	booktitle = {An {Outline} of a {Theory} of the {Matching} of {Persons} to {Jobs}},
	publisher = {Academic Press New York},
	author = {S√∏rensen, Aage B and Kalleberg, Arne L and Berg, Ivar},
	year = {1981},
	pages = {49--74},
}

@incollection{sorensen_outline_2018,
	title = {An {Outline} of a {Theory} of the {Matching} of {Persons} to {Jobs}},
	booktitle = {Social {Stratification}},
	publisher = {Routledge},
	author = {S√∏rensen, Aage B and Kalleberg, Arne L},
	year = {2018},
	pages = {633--640},
}

@article{mattijssen_occupations_2020,
	title = {Occupations and the non-standard employment career: {How} the occupational skill level and task types influence the career outcomes of non-standard employment},
	volume = {34},
	number = {3},
	journal = {Work, Employment and Society},
	author = {Mattijssen, Lucille and Pavlopoulos, Dimitris and Smits, Wendy},
	year = {2020},
	pages = {495--513},
}

@article{adolfsson_temporary_2022,
	title = {Temporary {Employment}, {Employee} {Representation}, and {Employer}-{Paid} {Training}: {A} {Comparative} {Analysis}},
	journal = {European Sociological Review},
	author = {Adolfsson, Maja and Baranowska-Rataj, Anna and Lundmark, Anneli},
	month = may,
	year = {2022},
}

@incollection{hiroshi_factors_2014,
	title = {Factors in the {Wage} {Differential} between {Standard} and {Nonstandard} {Employment}: {A} comparison of {Japan}, {South} {Korea}, and {Taiwan}},
	booktitle = {Transformation of the {Intimate} and the {Public} in {Asian} {Modernity}},
	publisher = {Brill},
	author = {Hiroshi, TAROHMARU},
	year = {2014},
	pages = {144--165},
}

@book{emmenegger_age_2012,
	title = {The age of dualization: {The} changing face of inequality in deindustrializing societies},
	publisher = {OUP USA},
	author = {Emmenegger, Patrick and H√§usermann, Silja and Palier, Bruno and Seeleib-Kaiser, Martin},
	year = {2012},
}

@book{eichhorst_non-standard_2015,
	title = {Non-standard employment in post-industrial labour markets: {An} occupational perspective},
	publisher = {Edward Elgar Publishing},
	author = {Eichhorst, Werner and Marx, Paul},
	year = {2015},
}

@article{reich_theory_1973,
	title = {A theory of labor market segmentation},
	volume = {63},
	number = {2},
	journal = {The American Economic Review},
	author = {Reich, Michael and Gordon, David M and Edwards, Richard C},
	year = {1973},
	pages = {359--365},
}

@article{lippman_economics_1976,
	title = {The economics of job search: {A} survey},
	volume = {14},
	number = {2},
	journal = {Economic inquiry},
	author = {Lippman, Steven A and McCall, John J},
	year = {1976},
	pages = {155--189},
}

@article{mattijssen_scarred_2022,
	title = {Scarred by {Your} {Employer}? {The} {Effect} of {Employers}‚Äô {Strategies} on the {Career} {Outcomes} of {Non}-{Standard} {Employment}},
	journal = {Work and Occupations},
	author = {Mattijssen, Lucille and Pavlopoulos, Dimitris and Smits, Wendy},
	year = {2022},
	pages = {07308884221076383},
}


@article{filomena_picchio_2022,
  title={Are temporary jobs stepping stones or dead ends? A systematic review of the literature},
  author={Filomena, Mattia and Picchio, Matteo},
  journal={International Journal of Manpower},
  volume={43},
  number={9},
  pages={60--74},
  year={2022},
  publisher={Emerald Publishing Limited}
}

@article{filomena_picchio_2021,
	title = {Are temporary jobs stepping stones or dead ends? {A} meta-analytical review of the literature},
	author = {Filomena, Mattia and Picchio, Matteo},
	year = {2021},
}

@incollection{firebaugh_fixed_2013,
	title = {Fixed effects, random effects, and hybrid models for causal analysis},
	booktitle = {Handbook of causal analysis for social research},
	publisher = {Springer},
	author = {Firebaugh, Glenn and Warner, Cody and Massoglia, Michael},
	year = {2013},
	pages = {113--132},
}

@article{latner_wage_2022,
	title = {The wage and career consequences of temporary employment in {Europe}: {Analysing} the theories and synthesizing the evidence},
	volume = {0},
	number = {0},
	journal = {Journal of European Social Policy},
	author = {Latner, Jonathan and Saks, Nicole},
	year = {2022},
	pages = {1--17},
}

@article{arranz_wage_2021,
	title = {Wage differentials and segmentation: {The} impact of institutions and changing economic conditions},
	volume = {27},
	number = {2},
	journal = {European Journal of Industrial Relations},
	author = {Arranz, Jos√© M and Fern√°ndez-Mac√≠as, Enrique and Garc√≠a-Serrano, Carlos},
	year = {2021},
	note = {Publisher: SAGE Publications Sage UK: London, England},
	pages = {203--227},
}

@article{westhoff_wage_2022,
	title = {Wage {Differences} between {Atypical} and {Standard} {Workers} in {European} {Countries}: {Moving} beyond {Average} {Effects}},
	journal = {European Sociological Review},
	author = {Westhoff, Leonie},
	year = {2022},
}

@article{an_causal_2017,
	title = {Causal inference in panel data with application to estimating race-of-interviewer effects in the general social survey},
	volume = {46},
	number = {1},
	journal = {Sociological Methods \& Research},
	author = {An, Weihua and Winship, Christopher},
	year = {2017},
	note = {Publisher: SAGE Publications Sage CA: Los Angeles, CA},
	pages = {68--102},
}

@article{callens_poverty_2009,
	title = {Poverty dynamics in {Europe}: {A} multilevel recurrent discrete-time hazard analysis},
	volume = {24},
	number = {3},
	journal = {International Sociology},
	author = {Callens, Marc and Croux, Christophe},
	year = {2009},
	note = {Publisher: Sage Publications Sage UK: London, England},
	pages = {368--396},
}

@article{forrier_concept_2003,
	title = {The concept employability: {A} complex mosaic},
	volume = {3},
	journal = {International journal of human resources development and management},
	author = {Forrier, Anneleen and Sels, Luc and {others}},
	year = {2003},
	note = {Publisher: INDERSCIENCE ENTERPRISES LTD.},
	pages = {102--124},
}

@article{forrier_temporary_2003,
	title = {Temporary employment and employability: {Training} opportunities and efforts of temporary and permanent employees in {Belgium}},
	volume = {17},
	number = {4},
	journal = {Work, employment and society},
	author = {Forrier, Anneleen and Sels, Luc},
	year = {2003},
	note = {Publisher: Sage Publications},
	pages = {641--666},
}

@article{guell_fixed-term_2000,
	title = {Fixed-term contracts and unemployment: an efficiency wage analysis},
	number = {433},
	journal = {Industrial Relations Section Working Paper},
	author = {G√ºell, Maia},
	year = {2000},
}

@article{hernan_c-word_2018,
	title = {The {C}-word: scientific euphemisms do not improve causal inference from observational data},
	volume = {108},
	number = {5},
	journal = {American journal of public health},
	author = {Hern√°n, Miguel A},
	year = {2018},
	note = {Publisher: American Public Health Association},
	pages = {616--619},
}

@article{ruttenauer_fixed_2020,
author = {Tobias R√ºttenauer and Volker Ludwig},
title ={Fixed Effects Individual Slopes: {A}ccounting and Testing for Heterogeneous Effects in Panel Data or Other Multilevel Models},
journal = {Sociological Methods \& Research},
volume = {52},
number = {1},
pages = {43-84},
year = {2023}
}

@article{ryu_labor_2018,
	title = {Labor market dualism and the wage penalty for temporary employment: {Evidence} on the interplay of employment protection legislation and labor market institutions from {PIAAC} data},
	volume = {47},
	number = {4},
	journal = {Development and Society},
	author = {Ryu, Kirak},
	year = {2018},
	note = {Publisher: JSTOR},
	pages = {535--562},
}

@article{kahn_structure_2016,
	title = {The structure of the permanent job wage premium: {Evidence} from {Europe}},
	volume = {55},
	number = {1},
	journal = {Industrial Relations: A Journal of Economy and Society},
	author = {Kahn, Lawrence M},
	year = {2016},
	note = {Publisher: Wiley Online Library},
	pages = {149--178},
}

@article{karabchuk_temporary_2012,
	title = {Temporary employment in {Russia}: why mostly men?},
	volume = {9},
	number = {2},
	journal = {The European Journal of Comparative Economics},
	author = {Karabchuk, Tatiana},
	year = {2012},
	note = {Publisher: Universit√† Carlo Cattaneo-Biblioteca Mario Rostoni},
	pages = {279},
}

@article{elwert_endogenous_2014,
	title = {Endogenous selection bias: {The} problem of conditioning on a collider variable},
	volume = {40},
	journal = {Annual review of sociology},
	author = {Elwert, Felix and Winship, Christopher},
	year = {2014},
	note = {Publisher: NIH Public Access},
	pages = {31},
}

@Book{hilda_household_2022,
	title = {The {Household}, {Income} and {Labour} {Dynamics} in {Australia} ({HILDA}) {Survey}, {GENERAL} {RELEASE} 18 ({Waves} 1-18)},
	url = {http://dx.doi.org/10.26193/IYBXHM},
	doi = {10.26193/IYBXHM},
	author = {{HILDA}},
	year = {2022},
	Publisher = {ADA Dataverse. Department of Social Services and Melbourne Institute of Applied Economic and Social Research.},
}

@Book{shp_swiss_2020,
	title = {Swiss {Household} {Panel}. {Wave} 20 (1999-2018)},
	author = {{SHP}},
	year = {2020},
	Publisher = {Swiss Household Panel. Lausanne: FORS.},
}

@Book{soep_2020,
  title = {{German Socio-Economic Panel.  SOEP-Core 1984-2020 (Version 37)}},
  author = {{SOEP}},
  year = {2020},
	doi = {10.5684/soep.core.v37eu},
  Publisher = {{German Institute for Economic Research (DIW Berlin)}}
}

@article{soep_jan_2019,
    author = {Giesselmann, Marco and Bohmann, Sandra and Goebel, Jan and Krause, Peter and Liebau, Elisabeth and Richter, David and Schacht, Diana and Schr√∂der, Carsten and Schupp, J√ºrgen and Liebig, Stefan},
    title = "{The Individual in Context(s): Research Potentials of the Socio-Economic Panel Study (SOEP) in Sociology}",
    journal = {European Sociological Review},
    volume = {35},
    number = {5},
    pages = {738-755},
    year = {2019},
    month = {06},
    doi = {10.1093/esr/jcz029}
}

@Book{lsp_arbeidsaanbodpanel_2016,
	title = {Arbeidsaanbodpanel ({Labour Supply Panel}) 1985 t/m 2014. {DANS}.},
	doi = {https://doi.org/10.17026/dans-xum-7b2r},
	author = {{LSP}},
	year = {2016},
	Publisher = {Sociaal en Cultureel Planbureau (SCP)},
}

@Book{liss_longitudinal_2020,
	title = {Longitudinal Internet studies for the Social Sciences ({LISS}) panel},
	publisher =  {{CentERdata} (Tilburg University, {The Netherlands})},
	author = {{LISS}},
	year = {2020}
}

@Book{jhpskhps_keio_2019,
	title = {Keio Household Panel Survey ({KHPS}) 2004 - 2019. {J}apan Household Panel Survey ({JHPS}) 2009-2019. {Data ID}: 175.},
	author = {{JHPS/KHPS}},
	publisher = {Panel data research center at Keio University.},
	year = {2019},
}

@Book{klips_korean_2020,
	title = {Korean Labour and Income Panel Study ({KLIPS}). {W}ave 1-21.},
	publisher = {{K}orea Labor Institute. Ministry of Employment and Labor.},
	author = {{KLIPS}},
	year = {2020},
}

@Book{shiw_historical_2019,
	title = {Historical Database of the Survey on Household Income and Wealth ({SHIW}). 1977-2016. Version 10.1.},
	author = {{SHIW}},
	publisher = {Bank of Italy},
	year = {2019},
}

@Book{bhpsukhls_university_2022,
	title = {Understanding Society: {W}aves 1-11, 2009-2020 and Harmonised {BHPS}: {W}aves 1-18, 1991-2009. {UK} Data Service. {SN}: 6614},	
	Publisher = {University of Essex, Institute for Social and Economic Research},
	author = {{BHPS/UKHLS}},
	year = {2022},
}

@article{brady_rethinking_2017,
	title = {Rethinking the risks of poverty: {A} framework for analyzing prevalences and penalties},
	volume = {123},
	number = {3},
	journal = {American journal of sociology},
	author = {Brady, David and Finnigan, Ryan M and H√ºbgen, Sabine},
	year = {2017},
	note = {Publisher: University of Chicago Press Chicago, IL},
	pages = {740--786},
}

@article{scherer_social_2009,
	title = {The social consequences of insecure jobs},
	volume = {93},
	number = {3},
	journal = {Social indicators research},
	author = {Scherer, Stefani},
	year = {2009},
	note = {Publisher: Springer},
	pages = {527--547},
}

@article{maurin_european_2005,
	title = {The {European} job security gap},
	volume = {32},
	number = {2},
	journal = {Work and Occupations},
	author = {Maurin, Eric and Postel-Vinay, Fabien},
	year = {2005},
	note = {Publisher: Sage Publications Sage CA: Thousand Oaks, CA},
	pages = {229--252},
}
